<?xml version="1.0" encoding="UTF-8"?><record xmlns="http://www.loc.gov/MARC21/slim" xmlns:cinclude="http://apache.org/cocoon/include/1.0" xmlns:zs="http://www.loc.gov/zing/srw/">
  <leader>01025cz  a2200145n  4500</leader>
  <controlfield tag="001">n  84200988 </controlfield>
  <controlfield tag="003">DLC</controlfield>
  <controlfield tag="005">20130308083753.0</controlfield>
  <controlfield tag="008">850618n| azannaab           |a aaa      </controlfield>
  <datafield tag="010" ind1=" " ind2=" ">
    <subfield code="a">n  84200988 </subfield>
  </datafield>
  <datafield tag="040" ind1=" " ind2=" ">
    <subfield code="a">DLC</subfield>
    <subfield code="b">eng</subfield>
    <subfield code="e">rda</subfield>
    <subfield code="c">DLC</subfield>
    <subfield code="d">DLC</subfield>
  </datafield>
  <datafield tag="100" ind1="1" ind2=" ">
    <subfield code="a">Khuzāʻī, ʻAlī ibn Muḥammad,</subfield>
    <subfield code="d">1310 or 1311-1387 or 1388.</subfield>
    <subfield code="t">Takhrīj al-dalālāt al-samʻīyah ʻalá mā kāna fī ʻahd Rasūl Allāh min al-ḥiraf wa-al-ṣanāʼiʻ wa-al-ʻamālāt al-sharʻīyah</subfield>
  </datafield>
  <datafield tag="400" ind1="1" ind2=" ">
    <subfield code="w">nnea</subfield>
    <subfield code="a">Khuzāʻī, ʻAlī ibn Muḥammad,</subfield>
    <subfield code="d">1310 or 11-1387 or 8.</subfield>
    <subfield code="t">Takhrīj al-dalālāt al-samʻīyah ʻalá mā kāna fī ʻahd Rasūl Allāh min al-ḥiraf wa-al-ṣanāʼiʻ wa-al-ʻamālāt al-sharʻīyah</subfield>
  </datafield>
  <datafield tag="400" ind1="1" ind2=" ">
    <subfield code="a">Khuzāʻī, ʻAlī ibn Muḥammad,</subfield>
    <subfield code="d">1310 or 1311-1387 or 1388.</subfield>
    <subfield code="t">Kitāb Takhrīj al-dalālāt al-samʻīyah ʻalá mā kāna fī ʻahd Rasūl Allāh min al-ḥiraf wa-al-ṣanāʼiʻ wa-al-ʻamālāt al-sharʻīyah</subfield>
  </datafield>
  <datafield tag="670" ind1=" " ind2=" ">
    <subfield code="a">His Kitāb Takhrīj al-dalālāt al-samʻīyah ... 1981.</subfield>
  </datafield>
</record>